@Article{sdw:2010-12:DfK,
	author		= {P. W. Singer},
	title		= {Der ferngesteuerte Krieg},
	journaltitle	= {Spektrum der Wissenschaft},
	url		= {http://www.spektrum.de/artikel/1050008},
	urldate		= {2011-05-15},
	year		= {2010},
	month		= {12},
	pages		= {70-79},
}

@Article{heise:TR:Mikrokopter,
	author		= {G. Stauch},
	title		= {Ein Anflug von Neugier},
	journaltitle	= {Technology Review -- Heise Zeitschriften Verlag},
	url		= {http://heise.de/-909423},
	urldate		= {2011-05-22},
	year		= {2009},
	month		= {12},
}

@Book{Robotergesetze:Asimov,
	title		= {Meine Freunde, die Roboter},
	author		= {I. Asimov},
	publisher	= {Heyne},
	year		= {1982},
	pages		= {67},
	isbn		= {978-3-453-21531-3},
	location	= {MÃ¼nchen},
}

@Article{heise:telepolis:Nanobots,
	author		= {A. Naica-Loebell},
	title		= {Riesenstreit im Zwergenland},
	journaltitle	= {Telepolis -- Heise Zeitschriften Verlag},
	url		= {http://www.heise.de/tp/artikel/16/16297/1.html},
	urldate		= {2011-05-22},
	year		= {2003},
	month		= {12},
}

@Book{Drexler:EnginesofCreation,
	title		= {Engines of Creation},
	author		= {K. Eric Drexler},
	publisher	= {Anchor Books},
	year		= {1986},
	origlanguage	= {englisch},
}


@Book{Hawking:Zitat:KI,
	title		= {Das Universum in der Nussschale},
	year		= {2001},
	author		= {S. W. Hawking},
	pages		= {173-174},
	isbn		= {978-3-455-09345-0},
	location	= {Hamburg},
	publisher	= {Hoffmann und Kampe},
}

