@Online{homepage:MK,
	title		= {MikroKopter},
	url		= {http://www.mikrokopter.de},
	urldate		= {2011-05-22},
}
@Online{wiki:KI,
	author		= {Wikipedia},
	title		= {Künstliche Intelligenz},
	url		= {http://de.wikipedia.org/w/index.php?title=Kuenstliche_Intelligenz&oldid=87866578},
	urldate		= {2011-04-27},
}
@Online{wiki:Darwinismus,
	author		= {Wikipedia},
	title		= {Darwinismus},
	url		= {http://de.wikipedia.org/w/index.php?title=Darwinismus&oldid=85069747},
	urldate		= {2011-05-12},
}
@Online{heise:VerbotvonKampfrobotern,
	author		= {F. Rötzer},
	title		= {Internationales Abkommen zum Verbot autonomer Kampfroboter gefordert},
	organization	= {Heise Zeitschriften Verlag},
	url		= {http://heise.de/-193847},
	urldate		= {2011-05-15},
	year		= {2008},
	month		= {3},
}

